ISA*00*          *00*          *ZZ*SENDERID      *ZZ*RECEIVERID    *240101*1200*^*00501*000000001*1*T*:~
GS*HP*SENDERID*RECEIVERID*20240101*1200*1*X*005010X221A1~
ST*835*0001~
BPR*I*1500.00*C*CHK*PPD*01*123456789*DA*987654321*1234567890**01*111222333*DA*555666777*20240101~
TRN*1*1234567890*123456789*999999999~
REF*EV*555444333~
DTM*405*20231231~
N1*PR*INSURANCE COMPANY*FI*999999999~
N3*123 MAIN ST~
N4*ANYTOWN*NY*12345~
N1*PE*HEALTHCARE PROVIDER*XX*1234567890~
LX*1~
CLP*PATIENTID123*1*2000.00*1500.00**MC*555555555~
CAS*CO*45*500.00~
NM1*QC*1*DOE*JOHN****MI*PATIENT12345~
DTM*232*20231201~
DTM*233*20231210~
SVC*HC:99213*200.00*1*150.00**1~
DTM*472*20231205~
CAS*CO*45*50.00~
REF*6R*999999999~
SE*18*0001~
GE*1*1~
IEA*1*000000001~
